<?xml version="1.0" encoding="UTF-8"?><record xmlns="http://www.loc.gov/MARC21/slim" xmlns:cinclude="http://apache.org/cocoon/include/1.0" xmlns:zs="http://www.loc.gov/zing/srw/">
  <leader>00306nz  a2200121n  4500</leader>
  <controlfield tag="001">n  98880868 </controlfield>
  <controlfield tag="003">DLC</controlfield>
  <controlfield tag="005">19980813050908.1</controlfield>
  <controlfield tag="008">980811n| acannaab|           n aaa     c</controlfield>
  <datafield tag="010" ind1=" " ind2=" ">
    <subfield code="a">n  98880868 </subfield>
  </datafield>
  <datafield tag="040" ind1=" " ind2=" ">
    <subfield code="a">UkENL</subfield>
    <subfield code="c">UkENL</subfield>
  </datafield>
  <datafield tag="100" ind1="1" ind2="0">
    <subfield code="a">Dougall, Colin</subfield>
  </datafield>
  <datafield tag="670" ind1=" " ind2=" ">
    <subfield code="a">Organisational gender, c1998:</subfield>
    <subfield code="b">t.p. (Colin Dougall)</subfield>
  </datafield>
</record>